%! Author = Nikol
%! Date = 10/9/2024

